 @book{steele, place={New York}, title={Stochastic calculus and Financial Applications}, publisher={Springer}, author={Steele, J. Michael}, year={2011}} 
 
 @article{bayram, title={Numerical methods for simulation of stochastic differential equations}, volume={2018}, DOI={10.1186/s13662-018-1466-5}, number={1}, journal={Advances in Difference Equations}, author={Bayram, Mustafa and Partal, Tugcem and Orucova Buyukoz, Gulsen}, year={2018}}
 
 @article{sauer, title={Numerical solution of stochastic differential equations in finance}, DOI={10.1007/978-3-642-17254-0_19}, journal={Handbook of Computational Finance}, author={Sauer, Timothy}, year={2011}, pages={529–550}} 
 
 @article{mao, title={The truncated Euler–Maruyama method for stochastic differential equations}, volume={290}, DOI={10.1016/j.cam.2015.06.002}, journal={Journal of Computational and Applied Mathematics}, author={Mao, Xuerong}, year={2015}, pages={370–384}} 
 
 @article{higham._2001, title={An algorithmic introduction to numerical simulation of stochastic differential equations}, volume={43}, DOI={10.1137/s0036144500378302}, number={3}, journal={SIAM Review}, author={Higham., Desmond J.}, year={2001}, pages={525–546}} 
 
 @book{bjork, place={Oxford}, edition={4th}, title={Arbitrage theory in continuous time}, publisher={Oxford University Press}, author={Björk, Tomas}, year={2021}} 

 @article{black_scholes_1973, title={The pricing of options and corporate liabilities}, volume={81}, DOI={10.1086/260062}, number={3}, journal={Journal of Political Economy}, author={Black, Fischer and Scholes, Myron}, year={1973}, pages={637–654}} 

@misc{computer, title={What is pseudorandom?}, url={https://www.computerhope.com/jargon/p/pseudo-random.htm}, journal={Computer Hope}, year={2020}, month={Dec}} 

 @misc{matlab-quasi, url={https://www.mathworks.com/help/stats/generating-quasi-random-numbers.html}, journal={Generating quasi-random numbers - matlab &amp; simulink}, author={Matlab Helpcenter}} 

 
@article{Bullock,
author = {Gregory L. Bullock},
title = {A Geometric Interpretation of the Riemann-Stieltjes Integral},
journal = {The American Mathematical Monthly},
volume = {95},
number = {5},
pages = {448-455},
year  = {1988},
publisher = {Taylor & Francis},
doi = {10.1080/00029890.1988.11972030},
URL = {https://doi.org/10.1080/00029890.1988.11972030},
eprint = {https://doi.org/10.1080/00029890.1988.11972030}
}


@article{Lo,
author = {Lo, Andrew},
year = {1986},
month = {08},
pages = {},
title = {Maximum Likelihood Estimation of Generalized Ito Processes With Discretely-Sampled Data},
volume = {4},
journal = {Econometric Theory},
doi = {10.1017/S0266466600012044}
}

@article{mustafa,
author = {Bayram, Mustafa and Buyukoz, Orucova and Partal, Tugcem},
year = {2017},
month = {01},
pages = {277-277},
title = {Parameter estimation in a Black Scholes},
volume = {22},
journal = {Thermal Science},
doi = {10.2298/TSCI170915277B}
}

@misc{AAPL, title={AAPL : Summary for Apple Inc. - Yahoo Finance}, url={https://finance.yahoo.com/quote/AAPL}, journal={@YahooFinance}, author={Yahoo! Finance}, year={2000} }

‌@inproceedings{Saito,
author = {Komori, Yoshio and Saito, Yoshihiro and Mitsui, Taketomo},
year = {1993},
month = {12},
pages = {},
title = {Some Issues in Discrete Approximate Solution for Stochastic Differential Equations(Workshop on Stochastic Numerics)}
}

@misc{Kloeden, url={https://www.math.uni-bielefeld.de/~gentz/pages/WS10/RDS10/RDS10_Slides/Kloeden_RDS10.pdf}, journal={Numerical stability of stochastic diﬀerential equations with additive noise}, author={Kloeden, Peter}} 


 @inbook{kuipers, place={Mineola (N.Y.)}, title={Chapter 2, Section 1}, booktitle={Uniform distribution of sequences}, publisher={Dover}, author={Kuipers, Lauwerens and Niederreiter, Harald}, year={2006}, pages={88}} 

 @article{box-muller,
author = {G. E. P. Box and Mervin E. Muller},
title = {{A Note on the Generation of Random Normal Deviates}},
volume = {29},
journal = {The Annals of Mathematical Statistics},
number = {2},
publisher = {Institute of Mathematical Statistics},
pages = {610 -- 611},
year = {1958},
doi = {10.1214/aoms/1177706645},
URL = {https://doi.org/10.1214/aoms/1177706645}
}
